@article{watters2017visual,
  title={Visual interaction networks},
  author={Watters, Nicholas and Tacchetti, Andrea and Weber, Theophane and Pascanu, Razvan and Battaglia, Peter and Zoran, Daniel},
  journal={arXiv preprint arXiv:1706.01433},
  year={2017}
}

@article{xu2019unsupervised,
  title={Unsupervised Discovery of Parts, Structure, and Dynamics},
  author={Xu, Zhenjia and Liu, Zhijian and Sun, Chen and Murphy, Kevin and Freeman, William T and Tenenbaum, Joshua B and Wu, Jiajun},
  journal={arXiv preprint arXiv:1903.05136},
  year={2019}
}

@inproceedings{rematas2018soccer,
  title={Soccer on your tabletop},
  author={Rematas, Konstantinos and Kemelmacher-Shlizerman, Ira and Curless, Brian and Seitz, Steve},
  booktitle={Proceedings of the IEEE Conference on Computer Vision and Pattern Recognition},
  pages={4738--4747},
  year={2018}
}


@InProceedings{James_2019_CVPR,
author = {James, Stephen and Wohlhart, Paul and Kalakrishnan, Mrinal and Kalashnikov, Dmitry and Irpan, Alex and Ibarz, Julian and Levine, Sergey and Hadsell, Raia and Bousmalis, Konstantinos},
title = {Sim-To-Real via Sim-To-Sim: Data-Efficient Robotic Grasping via Randomized-To-Canonical Adaptation Networks},
booktitle = {The IEEE Conference on Computer Vision and Pattern Recognition (CVPR)},
month = {June},
year = {2019}
}

@InProceedings{Kanazawa_2019_CVPR,
author = {Kanazawa, Angjoo and Zhang, Jason Y. and Felsen, Panna and Malik, Jitendra},
title = {Learning 3D Human Dynamics From Video},
booktitle = {The IEEE Conference on Computer Vision and Pattern Recognition (CVPR)},
month = {June},
year = {2019}
}

@InProceedings{Wang_2019_CVPR,
author = {Wang, Yunbo and Zhang, Jianjin and Zhu, Hongyu and Long, Mingsheng and Wang, Jianmin and Yu, Philip S.},
title = {Memory in Memory: A Predictive Neural Network for Learning Higher-Order Non-Stationarity From Spatiotemporal Dynamics},
booktitle = {The IEEE Conference on Computer Vision and Pattern Recognition (CVPR)},
month = {June},
year = {2019}
}
